@article{albertson2004coloring,
  title={Coloring with no 2-colored {$P_4$}’s},
  author={Albertson, Michael O and Chappell, Glenn G and Kierstead, Hal A and K{\"u}ndgen, Andr{\'e} and Ramamurthi, Radhika},
  journal={Electronic Journal of Combinatorics},
  volume={11},
  number={1},
  pages={R26},
  year={2004}
}

@article{alon2001acyclic,
  title={Acyclic edge colorings of graphs},
  author={Alon, Noga and Sudakov, Benny and Zaks, Ayal},
  journal={Journal of Graph Theory},
  volume={37},
  number={3},
  pages={157--167},
  year={2001},
  publisher={Wiley Online Library}
}

@article{alon2002nonrepetitive,
  title={Nonrepetitive colorings of graphs},
  author={Alon, Noga and Grytczuk, Jaros{\l}aw and Ha{\l}uszczak, Mariusz and Riordan, Oliver},
  journal={Random Structures \& Algorithms},
  volume={21},
  number={3-4},
  pages={336--346},
  year={2002},
  publisher={Wiley Online Library}
}

@article{alon2008breaking,
  title={Breaking the rhythm on graphs},
  author={Alon, Noga and Grytczuk, Jaros{\l}aw},
  journal={Discrete Mathematics},
  volume={308},
  number={8},
  pages={1375--1380},
  year={2008},
  publisher={Elsevier}
}

@article{arszon1939,
  title={Proof of the existence of $n$-valued infinite asymetric sequences},
  author={Arszon, E.S},
  journal={Math Sb.},
  year={1939},
  pages={769-779},
  number={2 (44)},
}

@article{barat2007square,
  title={On square-free vertex colorings of graphs},
  author={Bar{\'a}t, J{\'a}nos and Varj{\'u}, P{\'e}ter P},
  journal={Studia Scientiarum Mathematicarum Hungarica},
  volume={44},
  number={3},
  pages={411--422},
  year={2007},
  publisher={Akad{\'e}miai Kiad{\'o}}
}

@article {barat2008note,
 author = {Bar{\'a}t, J{\'a}nos and Wood, David R.},
  title = {Notes on nonrepetitive graph colouring},
  journal = {Electronic Journal of Combinatorics},
  volume = {15},
  year = {2008},
  number = {1},
  pages = {Research Paper 99, 13},
}

@article{barat2013facial,
  title={Facial nonrepetitive vertex coloring of plane graphs},
  author={Bar{\'a}t, J{\'a}nos and Czap, J{\'u}lius},
  journal={Journal of Graph Theory},
  volume={74},
  number={1},
  pages={115--121},
  year={2013},
  publisher={Wiley Online Library}
}

@techreport{bodlaender1988boundedtw,
  title={Planar graphs with bounded treewidth},
  author={Bodlaender, Hans L.},
  institution = {University of Utrecht - Department of Computer Science},
  number = {RUU-CS-88-14},
  month = {March},
  year = {1988}
}

@book{bondy1976graph,
  title={Graph theory with applications},
  author={Bondy, John Adrian and Murty, Uppaluri Siva Ramachandra},
  volume={290},
  year={1976},
  publisher={Macmillan London}
}

@article{brevsar2004square,
  title={Square-free colorings of graphs},
  author={Bre{\v{s}}ar, Bo{\v{s}}tjan and Klavzar, Sandi},
  journal={Ars Combin},
  volume={70},
  pages={3--13},
  year={2004}
}

@article{brevsar2007nonrepetitive,
  title={Nonrepetitive colorings of trees},
  author={Bre{\v{s}}ar, Bo{\v{s}}tjan and Grytczuk, Jaroslaw and Klav{\v{z}}ar, Sandi and Niwczyk, Staszek and Peterin, Iztok},
  journal={Discrete Mathematics},
  volume={307},
  number={2},
  pages={163--172},
  year={2007},
  publisher={Elsevier}
}

@article{brown1971there,
  title={Is there a sequence on four symbols in which no two adjacent segments are permutations of one another?},
  author={Brown, T. C.},
  journal={American Mathematical Monthly},
  pages={886--888},
  year={1971},
  publisher={JSTOR}
}

@article{bu2009star,
  title={Star coloring of sparse graphs},
  author={Bu, Yuehua and Cranston, Daniel W and Montassier, Micka{\"e}l and Raspaud, Andr{\'e} and Wang, Weifan},
  journal={Journal of Graph Theory},
  volume={62},
  number={3},
  pages={201--219},
  year={2009},
  publisher={Wiley Online Library}
}

@article{coleman1984estimation,
  title={Estimation of sparse Hessian matrices and graph coloring problems},
  author={Coleman, Thomas F and Mor{\'e}, Jorge J},
  journal={Mathematical Programming},
  volume={28},
  number={3},
  pages={243--270},
  year={1984},
  publisher={Springer}
}

@article{currie2002cycle18,
  title={There are ternary circular square-free words of length n for $n\geq 18$},
  author={Currie, James D},
  journal={Electronic Journal Combinatorics},
  volume={9},
  number={1},
  pages={N10},
  year={2002}
}

@incollection{currie2003circular,
  title={Circular words avoiding patterns},
  author={Currie, James D and Fitzpatrick, D Sean},
  booktitle={Developments in Language Theory},
  pages={319--325},
  year={2003},
  volume={2450},
  ublisher={Springer Berlin Heidelberg},
}

@article{currie2005pattern,
  title={Pattern avoidance: themes and variations},
  author={Currie, James D},
  journal={Theoretical Computer Science},
  volume={339},
  number={1},
  pages={7--18},
  year={2005},
  publisher={Elsevier}
}

@article{dujmovic2011nonrepetitive,
  title={Nonrepetitive Colouring via Entropy Compression},
  author={Dujmovi{\'c}, Vida and Joret, Gwena{\"e}l and Kozik, Jakub and Wood, David R},
  journal={Combinatorica},
  month={(in press)},
  year={2013}
}

@article{dujmovic2012planarlogn,
  title={Nonrepetitive Colourings of Planar Graphs with {$O(\log n)$} Colours},
  author={Dujmovi{\'c}, Vida and Frati, Fabrizio and Joret, Gwena{\"e}l and Wood, David R},
  journal={The Electronic Journal of Combinatorics},
  volume={20},
  number={1},
  pages={P51},
  year={2013}
}

@misc{encycloIntSequences,
  title={The On-Line Encyclopedia of Integer Sequences},
  author={The OEIS Foundation},
  note={Published electronically at http://oeis.org/},
}

@article{erdos1961some,
  title={Some unsolved problems},
  author={Erd{\"o}s, Paul},
  journal={Magyar Tud. Akad. Mat. Kutat{\'o} Int. K{\"o}zl},
  volume={6},
  pages={221--254},
  year={1961}
}

@article{erdos1975problems,
  title={Problems and results on 3-chromatic hypergraphs and some related questions},
  author={Erdos, Paul and Lov{\'a}sz, L{\'a}szl{\'o}},
  journal={Infinite and finite sets, Coll. Math. Soc. J. on},
  volume={10},
  number={2},
  pages={609--627},
  year={1975}
}

@article{erdos1979choosability,
  title={Choosability in graphs},
  author={Erd{\"o}s, Paul and Rubin, Arthur L and Taylor, Herbert},
  journal={Congr. Numer},
  volume={26},
  pages={125--157},
  year={1979}
}

@article{evdokimo1968strongly,
  title={Strongly asymmetric sequences generated by a finite number of symbols},
  author={Evdokimov, A. A.},
  journal={Soviet Math. Dokl},
  number={9},
  pages={536-539},
  year={1968}
}

@article{fertin2004star,
  title={Star coloring of graphs},
  author={Fertin, Guillaume and Raspaud, Andr{\'e} and Reed, Bruce},
  journal={Journal of Graph Theory},
  volume={47},
  number={3},
  pages={163--182},
  year={2004},
  publisher={Wiley Online Library}
}

@article{fiorenzi2011thue,
  title={Thue choosability of trees},
  author={Fiorenzi, Francesca and Ochem, Pascal and Ossona de Mendez, Patrice and Zhu, Xuding},
  journal={Discrete Applied Mathematics},
  volume={159},
  number={17},
  pages={2045--2049},
  year={2011},
  publisher={Elsevier}
}

article{gonccalves2014entropy,
  title={Entropy compression method applied to graph colorings},
  author={Gon{\c{c}}alves, Daniel and Montassier, Micka{\"e}l and Pinlou, Alexandre},
  journal={arXiv preprint arXiv:1406.4380},
  year={2014}
}

@inproceedings{gonccalves2014entropy,
  title={Entropy compression method applied to graph colorings},
  author={Gon{\c{c}}alves, Daniel and Montassier, Micka{\"e}l and Pinlou, Alexandre},
  booktitle={9th International colloquium on graph theory and combinatorics},
  year={2014}
}

@article{greenhill2005bounds,
  title={Bounds on the generalised acyclic chromatic numbers of bounded degree graphs},
  author={Greenhill, Catherine and Pikhurko, Oleg},
  journal={Graphs and Combinatorics},
  volume={21},
  number={4},
  pages={407--419},
  year={2005},
  publisher={Springer}
}

@incollection{grytczuk2007nonrepetitive,
  title={Nonrepetitive Graph Coloring},
  author={Grytczuk, Jaros{\l}aw},
  booktitle={Graph Theory in Paris},
  pages={209--218},
  year={2007},
  publisher={Springer}
}

@article{grytczuk2007nonrepetitivesurvey,
  title={Nonrepetitive colorings of graphs—a survey},
  author={Grytczuk, Jaros{\l}aw},
  journal={International Journal of Mathematics and Mathematical Sciences},
  volume={2007 Article 74639},
  year={2007},
  publisher={Hindawi Publishing Corporation}
}

@article{grytczuk2008thue,
  title={Thue type problems for graphs, points, and numbers},
  author={Grytczuk, Jaros{\l}aw},
  journal={Discrete Mathematics},
  volume={308},
  number={19},
  pages={4419--4429},
  year={2008},
  publisher={Elsevier}
}

@article{grytczuk2013new,
  title={New approach to nonrepetitive sequences},
  author={Grytczuk, Jaros{\l}aw and Kozik, Jakub and Micek, Piotr},
  journal={Random Structures \& Algorithms},
  volume={42},
  number={2},
  pages={214--225},
  year={2013},
  publisher={Wiley Online Library}
}

article{harant2011facial,
  title={Facial non-repetitive vertex colouring of some families of 2-connected plane graphs},
  author={Harant, Jochen and Jendrol, Stanislav},
  journal={Technische Universität Ilmenau Institut für Mathematik Preprint},
  year={2011}
}

@article{harant2012nonrepetitive,
  title={Nonrepetitive vertex colorings of graphs},
  author={Harant, Jochen and Jendrol, Stanislav},
  journal={Discrete Mathematics},
  volume={312},
  number={2},
  pages={374--380},
  year={2012},
  publisher={Elsevier}
}

@article{hatami2005delta,
  title={$\Delta$+ 300 is a bound on the adjacent vertex distinguishing edge chromatic number},
  author={Hatami, Hamed},
  journal={Journal of Combinatorial Theory, Series B},
  volume={95},
  number={2},
  pages={246--256},
  year={2005},
  publisher={Elsevier}
}

@article{havet2011facial,
  title={Facial non-repetitive edge-coloring of plane graphs},
  author={Havet, Fr{\'e}d{\'e}ric and Jendrol, Stanislav and Sot{\'a}k, Roman and {\v{S}}krabul'{\'a}kov{\'a}, Erika},
  journal={Journal of Graph Theory},
  volume={66},
  number={1},
  pages={38--48},
  year={2011},
  publisher={Wiley Online Library}
}

@incollection{keranen1992abelian,
  title={Abelian squares are avoidable on 4 letters},
  author={Ker{\"a}nen, Veikko},
  booktitle={Automata, languages and programming},
  pages={41--52},
  year={1992},
  publisher={Springer},
  volume={623},
}

@article{kierstead2009star,
  title={Star coloring bipartite planar graphs},
  author={Kierstead, Hal A and K{\"u}ndgen, Andr{\'e} and Timmons, Craig},
  journal={Journal of Graph Theory},
  volume={60},
  number={1},
  pages={1--10},
  year={2009},
  publisher={Wiley Online Library}
}

@article{kozik2013nonrepetitive,
  title={Nonrepetitive choice number of trees},
  author={Kozik, Jakub and Micek, Piotr},
  journal={SIAM Journal on Discrete Mathematics},
  volume={27},
  number={1},
  pages={436--446},
  year={2013},
  publisher={SIAM}
}

@article{kundgen2008nonrepetitive,
  title={Nonrepetitive colorings of graphs of bounded tree-width},
  author={K{\"u}ndgen, Andre and Pelsmajer, Michael J},
  journal={Discrete Mathematics},
  volume={308},
  number={19},
  pages={4473--4478},
  year={2008},
  publisher={Elsevier}
}

@article{mahler1927translation,
  title={On the translation properties of a simple class of arithmetical functions},
  author={Mahler, K},
  journal={J. Math. and Phys},
  year={1927},
  pages={158-163},
  number={6},
}

@article{marx2009complexity,
  title={The complexity of nonrepetitive coloring},
  author={Marx, D{\'a}niel and Schaefer, Marcus},
  journal={Discrete Applied Mathematics},
  volume={157},
  number={1},
  pages={13--18},
  year={2009},
  publisher={Elsevier}
}

@article{molloy1997bound,
  title={A bound on the strong chromatic index of a graph},
  author={Molloy, Michael and Reed, Bruce},
  journal={Journal of Combinatorial Theory, Series B},
  volume={69},
  number={2},
  pages={103--109},
  year={1997},
  publisher={Elsevier}
}

@article{molloy1998bound,
  title={A bound on the total chromatic number},
  author={Molloy, Michael and Reed, Bruce},
  journal={Combinatorica},
  volume={18},
  number={2},
  pages={241--280},
  year={1998},
  publisher={Springer}
}

@article{morse1921recurrent,
  title={Recurrent geodesies on a surface of negative curvatue},
  author={Morse, Marston},
  journal={Transactions of the AMS},
  volume={22},
  pages={84-110},
  year={1921}
}

@article{morse1921onetoone,
  title={A one-to-one representation of geodesics on a surface of negative curvature},
  author={Morse, Marston},
  journal={American Journal of Mathematics},
  year={1921},
  pages={35-51},
  number={43},
}

@article{moser2010constructive,
  title={A constructive proof of the general Lov{\'a}sz Local Lemma},
  author={Moser, Robin A and Tardos, G{\'a}bor},
  journal={Journal of the ACM},
  volume={57},
  number={2},
  pages={11},
  year={2010},
  publisher={ACM}
}

@article{nevsetril2003colorings,
  title={Colorings and Homomorphisms of Minor Closed Classes},
  author={Ne{\v{s}}etril, Jaroslav and de Mendez, Patrice Ossona},
  journal={Discrete and Computational Geometry},
  pages={651-664},
  publisher={Springer},
  year={2003},
  booktitle={Discrete and Computational Geometry},
  volume={25},
}

@article{pezarski2009non,
  title={Non-repetitive 3-coloring of subdivided graphs},
  author={Pezarski, Andrzej and Zmarz, Micha{\l}},
  journal={Electronic Journal of Combinatorics},
  volume={16},
  number={1},
  pages={N15},
  year={2009}
}

@inproceedings{pleasants1970non,
  title={Non-repetitive sequences},
  author={Pleasants, Peter AB},
  booktitle={Mathematical Proceedings of the Cambridge Philosophical Society},
  volume={68},
  number={02},
  pages={267--274},
  year={1970},
  organization={Cambridge Univ Press}
}

@article{prouhet1851,
  title={Mémoire sur les relations entre les puissances des nombres},
  author={Prouhet, Eugène},
  journal={Comptes-Rendus de l'Académie des Sciences de Paris},
  volume={33},
  pages={225},
  year={1851}
}

@article{przybylo2013facial,
  title={On the facial Thue choice index via entropy compression},
  author={Przyby{\l}o, Jakub},
  publisher={Wiley Online Library},
  journal = {Journal of Graph Theory},
  volume = {77},
  number = {3},
  pages = {180--189},
  year = {2014}
}

@article{schreyer2013total,
  title={Total Thue colourings of graphs},
  author={Schreyer, Jens and {\v{S}}krabul'{\'a}kov{\'a}, Erika},
  year={2015},
  pages={186-197},
  journal={European Journal of Mathematics},
  volume={1},
  number={1},
  publisher={Springer International Publishing},
}

@article{sudeep2007some,
  title={Some results in square-free and strong square-free edge-colorings of graphs},
  author={Sudeep, {K.S.} and Vishwanathan, Sundar},
  journal={Discrete mathematics},
  volume={307},
  number={14},
  pages={1818--1824},
  year={2007},
  publisher={Elsevier}
}

@article{schreyer2012facial,
  title = {On the facial Thue choice index of plane graphs},
  author={Schreyer, Jens and {\v{S}}krabul'{\'a}kov{\'a}, Erika},
  journal = {Discrete Mathematics},
  volume = {312},
  number = {10},
  pages = {1713-1721},
  year = {2012}
}

@article{thue1906uber,
  title={\"{U}ber Unendliche Zeichenreichen.},
  author={Thue, Axel},
  journal={Norske Vid Selsk. Skr. I. Mat. Nat. Kl. Christiana},
  year={1906},
  pages={1--22},
  volume={7},
}

@article{thue1912gegenseitige,
  title={{\"U}ber die gegenseitige Lage gleicher Teile gewisser Zeichenreihen.},
  author={Thue, Axel},
  year={1912},
  journal={Norske Vid. Selsk. Skr. I. Mat. Nat. Kl. Christiana},
  number={1},
  pages={1--67},
}

@article{vizing1976vertex,
  title={Vertex colorings with given colors},
  author={Vizing, VG},
  journal={Metody Diskret. Analiz},
  volume={29},
  pages={3--10},
  year={1976}
}

@article{voigt1993list,
  title={List colourings of planar graphs},
  author={Voigt, Margit},
  journal={Discrete Mathematics},
  volume={120},
  number={1},
  pages={215--219},
  year={1993},
  publisher={Elsevier}
}

  This should be:
  author={Adam Gągol, Gwenaël Joret, Jakub Kozik, Piotr Micek},
@misc{gagol2016pathwidth,
  title={Pathwidth and nonrepetitive list coloring},
  author={Adam Gagol and Gwenaël Joret and Jakub Kozik and Piotr Micek},
  note={arXiv:1601.01886},
  year={2016}
}

